@article{wongintelligent,
  title={The Intelligent Product Driven Supply Chain},
  author={Wong, CY and McFarlane, D and Zaharudin, A Ahmad and Agarwal, V},
  publisher={Citeseer}
}

@article{iot-overview,
  title={Internet of Things (IoT): A vision, architectural elements, and future directions},
  author={Gubbi, Jayavardhana and Buyya, Rajkumar and Marusic, Slaven and Palaniswami, Marimuthu},
  journal={Future Generation Computer Systems},
  volume={29},
  number={7},
  pages={1645--1660},
  year={2013},
  publisher={Elsevier}
}

@article{iot-sense,
  title={Adding sense to the Internet of Things},
  author={L{\'o}pez, Tom{\'a}s S{\'a}nchez and Ranasinghe, Damith C and Harrison, Mark and McFarlane, Duncan},
  journal={Personal and Ubiquitous Computing},
  volume={16},
  number={3},
  pages={291--308},
  year={2012},
  publisher={Springer}
}